<record><leader>00000cas a22000007a 4500</leader><controlfield tag="001">1757666</controlfield><controlfield tag="008">751101d19061908mnumr pe      0    0eng d</controlfield><controlfield tag="009">501</controlfield><datafield ind1=" " ind2=" " tag="010"><subfield code="a">sn 90060338 </subfield></datafield><datafield ind1=" " ind2=" " tag="040"><subfield code="a">MUL</subfield><subfield code="b">eng</subfield><subfield code="c">MUL</subfield><subfield code="d">MN#</subfield><subfield code="d">OCLCQ</subfield><subfield code="d">DLC</subfield></datafield><datafield ind1="1" ind2=" " tag="029"><subfield code="a">AU@</subfield><subfield code="b">000026518861</subfield></datafield><datafield ind1=" " ind2=" " tag="042"><subfield code="a">msc</subfield></datafield><datafield ind1=" " ind2=" " tag="043"><subfield code="a">n-us-mn</subfield></datafield><datafield ind1=" " ind2=" " tag="052"><subfield code="a">4144</subfield><subfield code="b">M5</subfield><subfield code="b">S4</subfield></datafield><datafield ind1="0" ind2="4" tag="245"><subfield code="a">The public weal.</subfield></datafield><datafield ind1=" " ind2=" " tag="260"><subfield code="a">Minneapolis, Minn. :</subfield><subfield code="b">Prohibition State Committee,</subfield><subfield code="c">1906-1908.</subfield></datafield><datafield ind1=" " ind2=" " tag="300"><subfield code="a">v.</subfield></datafield><datafield ind1=" " ind2=" " tag="310"><subfield code="a">Monthly</subfield></datafield><datafield ind1="0" ind2=" " tag="362"><subfield code="a">Vol. 10, no. 5 (May 1906)-v. 12, no. 4 (Apr. 1908).</subfield></datafield><datafield ind1=" " ind2=" " tag="530"><subfield code="a">Available on microfilm from the Minnesota Historical Society.</subfield></datafield><datafield ind1="2" ind2="0" tag="610"><subfield code="a">Prohibition Party.</subfield><subfield code="b">Prohibition State Committee (Minn.)</subfield><subfield code="v">Periodicals.</subfield></datafield><datafield ind1=" " ind2="0" tag="650"><subfield code="a">Prohibition</subfield><subfield code="z">Minnesota</subfield><subfield code="v">Periodicals.</subfield></datafield><datafield ind1="2" ind2=" " tag="710"><subfield code="a">Prohibition Party.</subfield><subfield code="b">Prohibition State Committee (Minn.)</subfield></datafield><datafield ind1="0" ind2="0" tag="780"><subfield code="t">Backbone (Saint Paul, Minn.)</subfield><subfield code="w">(DLC)sn 90059446</subfield></datafield><datafield ind1="0" ind2="7" tag="785"><subfield code="t">Beacon light (Brookings, S.D.)</subfield></datafield><datafield ind1="0" ind2="7" tag="785"><subfield code="t">Northwestern patriot</subfield></datafield></record>